<record><leader>00000cas a2200000 a 4500</leader><controlfield tag="001">15647794</controlfield><controlfield tag="008">870508d18421843msuwr ne      0   a0eng c</controlfield><datafield ind1=" " ind2=" " tag="010"><subfield code="a">sn 87065355 </subfield></datafield><datafield ind1=" " ind2=" " tag="040"><subfield code="a">MJA</subfield><subfield code="b">eng</subfield><subfield code="c">MJA</subfield><subfield code="d">MSJ</subfield><subfield code="d">CRL</subfield><subfield code="d">OCLCQ</subfield><subfield code="d">OCLCF</subfield><subfield code="d">OCLCO</subfield><subfield code="d">DLC</subfield></datafield><datafield ind1="0" ind2=" " tag="022"><subfield code="a">2469-6617</subfield><subfield code="2">1</subfield></datafield><datafield ind1=" " ind2=" " tag="042"><subfield code="a">pcc</subfield><subfield code="a">nsdp</subfield></datafield><datafield ind1=" " ind2=" " tag="043"><subfield code="a">n-us-ms</subfield></datafield><datafield ind1="0" ind2="0" tag="050"><subfield code="a">Newspaper</subfield></datafield><datafield ind1="1" ind2="0" tag="082"><subfield code="a">071</subfield><subfield code="2">23</subfield></datafield><datafield ind1="0" ind2=" " tag="130"><subfield code="a">Louisville messenger (Louisville, Miss.)</subfield></datafield><datafield ind1=" " ind2="0" tag="222"><subfield code="a">Louisville messenger</subfield><subfield code="b">(Louisville, Miss. Print)</subfield></datafield><datafield ind1="1" ind2="0" tag="245"><subfield code="a">Louisville messenger.</subfield></datafield><datafield ind1="1" ind2="6" tag="246"><subfield code="a">Messenger</subfield></datafield><datafield ind1=" " ind2=" " tag="260"><subfield code="a">Louisville, Miss. :</subfield><subfield code="b">John H. Hardy</subfield></datafield><datafield ind1=" " ind2=" " tag="300"><subfield code="a">v.</subfield></datafield><datafield ind1=" " ind2=" " tag="310"><subfield code="a">Weekly</subfield></datafield><datafield ind1="1" ind2=" " tag="362"><subfield code="a">Began with June 25, 1842 issue; ceased in 1843.</subfield></datafield><datafield ind1=" " ind2=" " tag="500"><subfield code="a">Published by John J. Thompson, Jan. 14, 1843-&lt;Nov. 11, 1843&gt;</subfield></datafield><datafield ind1=" " ind2=" " tag="515"><subfield code="a">Issue for June 3, 1843 incorrectly numbered v. 1, no. 1.</subfield></datafield><datafield ind1=" " ind2=" " tag="530"><subfield code="a">Also issued on microfilm from UMI.</subfield></datafield><datafield ind1=" " ind2=" " tag="530"><subfield code="a">Archived issues are available in digital format from the Library of Congress Chronicling America online collection.</subfield></datafield><datafield ind1=" " ind2=" " tag="588"><subfield code="a">Description based on: Vol. 1, no. 3 (July 9, 1842).</subfield></datafield><datafield ind1=" " ind2=" " tag="588"><subfield code="a">Latest issue consulted: Vol. 2, no. 20 (Nov. 11, 1843).</subfield></datafield><datafield ind1=" " ind2="0" tag="651"><subfield code="a">Louisville (Miss.)</subfield><subfield code="v">Newspapers.</subfield></datafield><datafield ind1=" " ind2="7" tag="651"><subfield code="a">Mississippi</subfield><subfield code="z">Louisville.</subfield><subfield code="2">fast</subfield><subfield code="0">(OCoLC)fst01225084</subfield></datafield><datafield ind1=" " ind2="7" tag="655"><subfield code="a">Newspapers.</subfield><subfield code="2">fast</subfield><subfield code="0">(OCoLC)fst01423814</subfield></datafield><datafield ind1=" " ind2=" " tag="752"><subfield code="a">United States</subfield><subfield code="b">Mississippi</subfield><subfield code="c">Winston</subfield><subfield code="d">Louisville.</subfield></datafield><datafield ind1="0" ind2="8" tag="776"><subfield code="i">Online version:</subfield><subfield code="t">Louisville messenger (Louisville, Miss.)</subfield><subfield code="x">2469-6625</subfield><subfield code="w">(DLC)  2015270708</subfield><subfield code="w">(OCoLC)930390352</subfield></datafield><datafield ind1="4" ind2="1" tag="856"><subfield code="u">http://www.loc.gov/chroniclingamerica/lccn/sn87065355/issues</subfield></datafield></record>